% Encoding: UTF-8
@article{Pennino2017a,
  doi = {10.1016/j.marpol.2016.12.022},
  url = {https://doi.org/10.1016/j.marpol.2016.12.022},
  year = {2017},
  month = mar,
  publisher = {Elsevier {BV}},
  volume = {77},
  pages = {144--151},
  author = {Maria Grazia Pennino and Raul Vilela and Julio Valeiras and Jose M. Bellido},
  title = {Discard management: A spatial multi-criteria approach},
  journal = {Marine Policy}
}

@misc{Specht2018,
  doi = {10.13020/2vq4-fn73},
  url = {http://hdl.handle.net/11299/200917},
  author = {Specht,  Hannah},
  title = {Occupancy Survey Data and analysis code for shorebird and waterfowl habitat use in NW North Dakota,  2014-2015},
  publisher = {Data Repository for the University of Minnesota (DRUM)},
  year = {2018}
}

@phdthesis{Humphreys2018,
  title={Traits, Species, and Communities: Integrative Bayesian Approaches to Ecological Biogeography across Geographic, Environmental, Phylogenetic, and Morphological Space},
  author={Humphreys, John M},
  year={2018},
  school={The Florida State University}
}

@article{DellApa2018,
  doi = {10.1002/mcf2.10051},
  url = {https://doi.org/10.1002/mcf2.10051},
  year = {2018},
  month = dec,
  publisher = {Wiley},
  volume = {10},
  number = {6},
  pages = {590--605},
  author = {Andrea Dell{\textquotesingle}Apa and Maria Grazia Pennino and Charles W. Bangley and Christopher Bonzek},
  title = {A Hierarchical Bayesian Modeling Approach for the Habitat Distribution of Smooth Dogfish by Sex and Season in Inshore Coastal Waters of the U.S. Northwest Atlantic},
  journal = {Marine and Coastal Fisheries}
}

@phdthesis{Farley2017,
  title={A General Framework for Predicting the Optimal Computing Configurations for Climate-driven Ecological Forecasting Models},
  author={Farley, Scott Sherwin},
  year={2017},
  school={University of Wisconsin-Madison}
}

@article{Costa2017,
  doi = {10.1016/j.marenvres.2016.12.005},
  url = {https://doi.org/10.1016/j.marenvres.2016.12.005},
  year = {2017},
  month = apr,
  publisher = {Elsevier {BV}},
  volume = {125},
  pages = {1--9},
  author = {Tiego L.A. Costa and M. Grazia Pennino and Liana F. Mendes},
  title = {Identifying ecological barriers in marine environment: The case study of Dasyatis marianae},
  journal = {Marine Environmental Research}
}

@article{Plumptre2016,
  doi = {10.1371/journal.pone.0162697},
  url = {https://doi.org/10.1371/journal.pone.0162697},
  year = {2016},
  month = oct,
  publisher = {Public Library of Science ({PLoS})},
  volume = {11},
  number = {10},
  pages = {e0162697},
  author = {Andrew J. Plumptre and Stuart Nixon and Deo K. Kujirakwinja and Ghislain Vieilledent and Rob Critchlow and Elizabeth A. Williamson and Radar Nishuli and Andrew E. Kirkby and Jefferson S. Hall},
  editor = {Antoni Margalida},
  title = {Catastrophic Decline of World{\textquotesingle}s Largest Primate: 80{\%} Loss of Grauer{\textquotesingle}s Gorilla (Gorilla beringei graueri) Population Justifies Critically Endangered Status},
  journal = {{PLOS} {ONE}}
}

@article{Pennino2017b,
  doi = {10.1016/j.dsr2.2016.07.006},
  url = {https://doi.org/10.1016/j.dsr2.2016.07.006},
  year = {2017},
  month = jul,
  publisher = {Elsevier {BV}},
  volume = {141},
  pages = {203--211},
  author = {Maria Grazia Pennino and Bastien M{\'{e}}rigot and Vin{\'{\i}}cius Prado Fonseca and Virginia Monni and Andrea Rotta},
  title = {Habitat modeling for cetacean management: Spatial distribution in the southern Pelagos Sanctuary (Mediterranean Sea)},
  journal = {Deep Sea Research Part {II}: Topical Studies in Oceanography}
}

@article{Vilela2016,
  doi = {10.1016/j.marpolbul.2016.05.011},
  url = {https://doi.org/10.1016/j.marpolbul.2016.05.011},
  year = {2016},
  month = aug,
  publisher = {Elsevier {BV}},
  volume = {109},
  number = {1},
  pages = {512--520},
  author = {Raul Vilela and Ursula Pena and Ruth Esteban and Robin Koemans},
  title = {Bayesian spatial modeling of cetacean sightings during a seismic acquisition survey},
  journal = {Marine Pollution Bulletin}
}

@article{Wilson2016,
  doi = {10.1371/journal.pbio.1002415},
  url = {https://doi.org/10.1371/journal.pbio.1002415},
  year = {2016},
  month = mar,
  publisher = {Public Library of Science ({PLoS})},
  volume = {14},
  number = {3},
  pages = {e1002415},
  author = {Adam M. Wilson and Walter Jetz},
  editor = {Michel Loreau},
  title = {Remotely Sensed High-Resolution Global Cloud Dynamics for Predicting Ecosystem and Biodiversity Distributions},
  journal = {{PLOS} Biology}
}

@article{Domisch2016,
  doi = {10.1111/ecog.01925},
  url = {https://doi.org/10.1111/ecog.01925},
  year = {2016},
  month = feb,
  publisher = {Wiley},
  volume = {39},
  number = {11},
  pages = {1078--1088},
  author = {Sami Domisch and Adam M. Wilson and Walter Jetz},
  title = {Model-based integration of observed and expert-based information for assessing the geographic and environmental distribution of freshwater species},
  journal = {Ecography}
}

@article{MartinezMinaya2018,
  doi = {10.1007/s00477-018-1548-7},
  url = {https://doi.org/10.1007/s00477-018-1548-7},
  year = {2018},
  month = apr,
  publisher = {Springer Nature},
  volume = {32},
  number = {11},
  pages = {3227--3244},
  author = {Joaqu{\'{i}}n Mart{\'{i}}nez-Minaya and Michela Cameletti and David Conesa and Maria Grazia Pennino},
  title = {Species distribution modeling: a statistical review with focus in spatio-temporal issues},
  journal = {Stochastic Environmental Research and Risk Assessment}
}

@article{GuilleraArroita2016,
  doi = {10.1111/ecog.02445},
  url = {https://doi.org/10.1111/ecog.02445},
  year = {2016},
  month = aug,
  publisher = {Wiley},
  volume = {40},
  number = {2},
  pages = {281--295},
  author = {Gurutzeta Guillera-Arroita},
  title = {Modelling of species distributions,  range dynamics and communities under imperfect detection: advances,  challenges and opportunities},
  journal = {Ecography}
}

@article{Bird2014,
  doi = {10.1016/j.biocon.2013.07.037},
  url = {https://doi.org/10.1016/j.biocon.2013.07.037},
  year = {2014},
  month = may,
  publisher = {Elsevier {BV}},
  volume = {173},
  pages = {144--154},
  author = {Tomas J. Bird and Amanda E. Bates and Jonathan S. Lefcheck and Nicole A. Hill and Russell J. Thomson and Graham J. Edgar and Rick D. Stuart-Smith and Simon Wotherspoon and Martin Krkosek and Jemina F. Stuart-Smith and Gretta T. Pecl and Neville Barrett and Stewart Frusher},
  title = {Statistical solutions for error and bias in global citizen science datasets},
  journal = {Biological Conservation}
}

@article{Lee2013,
  doi = {10.18637/jss.v055.i13},
  url = {https://doi.org/10.18637/jss.v055.i13},
  year = {2013},
  publisher = {Foundation for Open Access Statistic},
  volume = {55},
  number = {13},
  author = {Duncan Lee},
  title = {{CARBayes}: {AnRPackage} for Bayesian Spatial Modeling with Conditional Autoregressive Priors},
  journal = {Journal of Statistical Software}
}

@article{Mazerolle2015,
  doi = {10.1670/14-075},
  url = {https://doi.org/10.1670/14-075},
  year = {2015},
  month = dec,
  publisher = {Society for the Study of Amphibians and Reptiles},
  volume = {49},
  number = {4},
  pages = {541--559},
  author = {Marc J. Mazerolle},
  title = {Estimating Detectability and Biological Parameters of Interest with the Use of the R Environment},
  journal = {Journal of Herpetology}
}

@article{Thuiller2014,
  doi = {10.1111/gcb.12728},
  url = {https://doi.org/10.1111/gcb.12728},
  year = {2014},
  month = oct,
  publisher = {Wiley},
  volume = {20},
  number = {12},
  pages = {3591--3592},
  author = {Wilfried Thuiller},
  title = {Editorial commentary on `{BIOMOD} - optimizing predictions of species distributions and projecting potential future shifts under global change'},
  journal = {Global Change Biology}
}

@article{Herrando2017,
  title={High resolution maps for the second European Breeding Bird Atlas: A first provision of standardised data and pilot modelled maps},
  author={Herrando, Sergi and Keller, Verena and Vo{\v{r}}{\'{i}}{\v{s}}ek, Petr and Kipson, Marina and Franch, Mart{\i} and Anton, Marc and Pla, Magda and Villero, Dani and Sierdsema, Henk and Kampichler, Christian and others},
  journal={Vogelwelt},
  volume={137},
  pages={33--41},
  year={2017}
}
  
@article{Clark2019,
  doi = {10.1002/ece3.4850},
  url = {https://doi.org/10.1002/ece3.4850},
  year = {2019},
  month = jan,
  publisher = {Wiley},
  volume = {9},
  number = {2},
  pages = {756--768},
  author = {Allan E. Clark and Res Altwegg},
  title = {Efficient Bayesian analysis of occupancy models with logit link functions},
  journal = {Ecology and Evolution}
}

@article{Domisch2019a,
  doi = {10.1016/j.scitotenv.2018.11.348},
  url = {https://doi.org/10.1016/j.scitotenv.2018.11.348},
  year = {2019},
  month = mar,
  publisher = {Elsevier {BV}},
  volume = {656},
  pages = {797--807},
  author = {Sami Domisch and Karan Kakouei and Javier Mart{\'{\i}}nez-L{\'{o}}pez and Kenneth J. Bagstad and Ainhoa Magrach and Stefano Balbi and Ferdinando Villa and Andrea Funk and Thomas Hein and Florian Borgwardt and Virgilio Hermoso and Sonja C. J\"{a}hnig and Simone D. Langhans},
  title = {Social equity shapes zone-selection: Balancing aquatic biodiversity conservation and ecosystem services delivery in the transboundary Danube River Basin},
  journal = {Science of The Total Environment}
}

@article{Domisch2019b,
  doi = {10.1111/ddi.12891},
  url = {https://doi.org/10.1111/ddi.12891},
  year = {2019},
  month = jan,
  publisher = {Wiley},
  volume = {25},
  number = {5},
  pages = {758--769},
  author = {Sami Domisch and Martin Friedrichs and Thomas Hein and Florian Borgwardt and Annett Wetzig and Sonja C. J\"{a}hnig and Simone D. Langhans},
  editor = {Gwen Iacona},
  title = {Spatially explicit species distribution models: A missed opportunity in conservation planning?},
  journal = {Diversity and Distributions}
}

@Comment{jabref-meta: databaseType:bibtex;}
